<record xmlns="http://www.loc.gov/MARC21/slim" xmlns:xsi="http://www.w3.org/2001/XMLSchema-instance" xsi:schemaLocation="http://www.loc.gov/MARC21/slim http://www.loc.gov/standards/marcxml/schema/MARC21slim.xsd"><leader>01904nam a2200409   4500</leader><controlfield tag="001">1933151</controlfield><controlfield tag="003">NIC</controlfield><controlfield tag="006">m        d        </controlfield><controlfield tag="007">cr cn |||m|||a</controlfield><controlfield tag="008">150222s1963    sy      o     000 0 ara d</controlfield><datafield ind1=" " ind2=" " tag="040"><subfield code="a">NNU</subfield><subfield code="b">eng</subfield><subfield code="c">NNU</subfield></datafield><datafield ind1=" " ind2=" " tag="043"><subfield code="a">ma-----</subfield></datafield><datafield ind1="1" ind2=" " tag="100"><subfield code="6">880-01</subfield><subfield code="a">Daqqa&#772;q, &#699;Umar.</subfield></datafield><datafield ind1="1" ind2="3" tag="245"><subfield code="6">880-02</subfield><subfield code="a">al-Ittija&#772;h al-qawmi&#772; fi&#772; al-shi&#699;r al-mu&#699;a&#772;s&#803;ir</subfield><subfield code="h">[electronic resource] /</subfield><subfield code="c">&#699;Umar Daqqa&#772;q.</subfield></datafield><datafield ind1=" " ind2=" " tag="250"><subfield code="6">880-03</subfield><subfield code="a">al-T&#803;ab&#699;ah 2.</subfield></datafield><datafield ind1=" " ind2=" " tag="260"><subfield code="6">880-04</subfield><subfield code="a">H&#803;alab :</subfield><subfield code="b">Maktabat al-Sharq bi-H&#803;alab,</subfield><subfield code="c">1963.</subfield></datafield><datafield ind1=" " ind2=" " tag="300"><subfield code="a">online resource (452 p.)</subfield></datafield><datafield ind1=" " ind2=" " tag="500"><subfield code="a">Originally published as the author's thesis (master).</subfield></datafield><datafield ind1=" " ind2=" " tag="500"><subfield code="a">Part of the Arabic Collections Online (ACO) project, contributed by Cornell University Libraries.</subfield></datafield><datafield ind1=" " ind2=" " tag="504"><subfield code="a">Includes bibliographical references and indexes.</subfield></datafield><datafield ind1=" " ind2=" " tag="533"><subfield code="a">Electronic reproduction.</subfield><subfield code="b">New York, N.Y. :</subfield><subfield code="c">New York University,</subfield><subfield code="d">2015.</subfield><subfield code="5">NNU</subfield></datafield><datafield ind1=" " ind2="0" tag="650"><subfield code="a">Arabic poetry</subfield><subfield code="x">History and criticism.</subfield></datafield><datafield ind1=" " ind2="0" tag="650"><subfield code="a">Nationalism</subfield><subfield code="z">Arab countries.</subfield></datafield><datafield ind1=" " ind2="7" tag="650"><subfield code="a">Arabic poetry.</subfield><subfield code="2">fast</subfield><subfield code="0">(OCoLC)fst00812533</subfield></datafield><datafield ind1=" " ind2="7" tag="650"><subfield code="a">Nationalism.</subfield><subfield code="2">fast</subfield><subfield code="0">(OCoLC)fst01033832</subfield></datafield><datafield ind1=" " ind2="7" tag="651"><subfield code="a">Arab countries.</subfield><subfield code="2">fast</subfield><subfield code="0">(OCoLC)fst01240128</subfield></datafield><datafield ind1=" " ind2="7" tag="655"><subfield code="a">Criticism, interpretation, etc.</subfield><subfield code="2">fast</subfield><subfield code="0">(OCoLC)fst01411635</subfield></datafield><datafield ind1="2" ind2=" " tag="710"><subfield code="a">Cornell University.</subfield><subfield code="b">Libraries.</subfield></datafield><datafield ind1="0" ind2=" " tag="730"><subfield code="a">Arabic Collections Online.</subfield></datafield><datafield ind1="0" ind2="8" tag="776"><subfield code="i">Print version:</subfield><subfield code="a">Daqqa&#772;q, &#699;Umar.</subfield><subfield code="t">al-Ittija&#772;h al-qawmi&#772; fi&#772; al-shi&#699;r al-mu&#699;a&#772;s&#803;ir</subfield><subfield code="w">(NIC)1933151</subfield><subfield code="w">(OCoLC)64026301</subfield></datafield><datafield ind1="4" ind2="0" tag="856"><subfield code="u">http://hdl.handle.net/2333.1/vt4b8k5d</subfield></datafield><datafield ind1="1" ind2=" " tag="880"><subfield code="6">100-01/r</subfield><subfield code="a">&#1583;&#1602;&#1575;&#1602;&#1548; &#1593;&#1605;&#1585;.</subfield></datafield><datafield ind1="1" ind2="2" tag="880"><subfield code="6">245-02/r</subfield><subfield code="a">&#1575;&#1604;&#1575;&#1578;&#1580;&#1575;&#1607; &#1575;&#1604;&#1602;&#1608;&#1605;&#1610; &#1601;&#1610; &#1575;&#1604;&#1588;&#1593;&#1585; &#1575;&#1604;&#1605;&#1593;&#1575;&#1589;&#1585; /</subfield><subfield code="c">&#1593;&#1605;&#1585; &#1583;&#1602;&#1575;&#1602;.</subfield></datafield><datafield ind1=" " ind2=" " tag="880"><subfield code="6">250-03/r</subfield><subfield code="a">&#1575;&#1604;&#1591;&#1576;&#1593;&#1577; 2.</subfield></datafield><datafield ind1=" " ind2=" " tag="880"><subfield code="6">260-04/r</subfield><subfield code="a">&#1581;&#1604;&#1576; :</subfield><subfield code="b">&#1605;&#1603;&#1578;&#1576;&#1577; &#1575;&#1604;&#1588;&#1585;&#1602; &#1576;&#1581;&#1604;&#1576;&#1548;</subfield><subfield code="c">1963.</subfield></datafield><datafield ind1=" " ind2=" " tag="959"><subfield code="a">NNU</subfield><subfield code="b">WEB</subfield><subfield code="c">GENI</subfield><subfield code="t">0</subfield><subfield code="m">Electronic access</subfield><subfield code="s">01</subfield></datafield><datafield ind1=" " ind2=" " tag="999"><subfield code="i">NIC_1933151</subfield><subfield code="o">(OCoLC)ocm64026301</subfield><subfield code="s">cornell_aco000116</subfield></datafield></record>